Primes is in P: AKS primality test
@article {MR2123939,
    AUTHOR = {Agrawal, Manindra and Kayal, Neeraj and Saxena, Nitin},
     TITLE = {P{RIMES} is in {P}},
   JOURNAL = {Ann. of Math. (2)},
  FJOURNAL = {Annals of Mathematics. Second Series},
    VOLUME = {160},
      YEAR = {2004},
    NUMBER = {2},
     PAGES = {781--793},
      ISSN = {0003-486X},
   MRCLASS = {11Y11 (11A51 68Q15 68Q25)},
  MRNUMBER = {2123939},
MRREVIEWER = {Carl Pomerance},
       URL = {https://doi.org/10.4007/annals.2004.160.781},
}
Sieve of Atkin
@article {MR2031423,
	AUTHOR = {Atkin, A. O. L. and Bernstein, D. J.},
	TITLE = {Prime sieves using binary quadratic forms},
	JOURNAL = {Math. Comp.},
	FJOURNAL = {Mathematics of Computation},
	VOLUME = {73},
	YEAR = {2004},
	NUMBER = {246},
	PAGES = {1023--1030},
	ISSN = {0025-5718},
	MRCLASS = {11Y11 (11E25)},
	MRNUMBER = {2031423},
	MRREVIEWER = {Lawrence Somer},
	URL = {https://doi.org/10.1090/S0025-5718-03-01501-1},
}
Fund. Thm of Arithmetic
@article {MR605273,
    AUTHOR = {Davis, Daniel and Shisha, Oved},
     TITLE = {Simple proofs of the fundamental theorem of arithmetic},
   JOURNAL = {Math. Mag.},
  FJOURNAL = {Mathematics Magazine},
    VOLUME = {54},
      YEAR = {1981},
    NUMBER = {1},
     PAGES = {18},
      ISSN = {0025-570X},
   MRCLASS = {10A05},
  MRNUMBER = {605273},
       URL = {https://doi.org/10.2307/2689375},
}
Eratosthenes Bio.
@InBook{lawson2004,
	author = {Lawson, Russell M.},
	title = {Science in the Ancient World: An Encyclopedia},
	publisher = {Credo Reference},
	year = {2004}
}
Sundaram book.
@InBook{ogilvyanderson,
	author = {Ogilvy, Charles S. and Anderson, John T.},
	title = {Excursions in number theory},
	chapter = {Notes},
	publisher = {Oxford University Press},
	year = {1966},
	OPTpages = {158}
}
